@article{how_to_read_a_paper,
  author       = {Srinivasan Keshav},
  title        = {How to read a paper},
  journal      = {Comput. Commun. Rev.},
  volume       = {37},
  number       = {3},
  pages        = {83--84},
  year         = {2007},
  doi          = {10.1145/1273445.1273458},
}
